@article{hida2007library,
  title={Library for double-double and quad-double arithmetic},
  author={Hida, Yozo and Li, Xiaoye S and Bailey, David H},
  journal={NERSC Division, Lawrence Berkeley National Laboratory},
  year={2007}
}